@article{hytonen2014does,
  title = {{Does academic apprenticeship increase networking ties among participants? A case study of an energy efficiency training program}},
  author = {Hyt{\"o}nen, Kaisa and Palonen, Tuire and Lehtinen, Erno and Hakkarainen, Kai},
  journal = {Higher Education},
  volume = {68},
  number = {6},
  pages = {959--976},
  year = {2014},
  publisher = {Springer},
}
